%List

@IEEEtranBSTCTL{IEEEexample:BSTcontrol,
CTLuse_forced_etal       = "yes",
CTLmax_names_forced_etal = "6",
CTLnames_show_etal       = "1" }

%-------------------------------------------------------------------------------------------------------------------------------------------------------------------------------
% Introduction - Background

@article{anderson1964hard,
  title={Hard superconductivity: theory of the motion of Abrikosov flux lines},
  author={Anderson, Philip W and Kim, YB},
  journal={Reviews of modern physics},
  volume={36},
  number={1},
  pages={39},
  year={1964},
  publisher={APS}
}
